<?xml version="1.0" encoding="UTF-8"?><collection xmlns="http://www.loc.gov/MARC21/slim"><record><leader>00456nam--2200133-i-4500</leader><controlfield tag="001">000043678</controlfield><controlfield tag="002">20161230</controlfield><controlfield tag="005">20161230201044</controlfield><controlfield tag="008">060222s1000------------r-----000-0-eng-d</controlfield><datafield ind1=" " ind2=" " tag="080"><subfield code="a">621.762</subfield></datafield><datafield ind1=" " ind2=" " tag="100"><subfield code="a">Tanasoiu,Constantin</subfield></datafield><datafield ind1=" " ind2=" " tag="245"><subfield code="a">Contributii la studiul structurii de domenii si al proceselor de magnetizare in feritele uniaxiale cu anizotropie puternica</subfield></datafield><datafield ind1=" " ind2=" " tag="260"><subfield code="a">Bucuresti, Centrul De Multiplicare Al Univ.Din Bucuresti, 1970. 18 P</subfield></datafield><datafield ind1=" " ind2=" " tag="852"><subfield code="a">32264</subfield></datafield></record></collection>